<?xml version="1.0" encoding="UTF-8"?><collection xmlns="http://www.loc.gov/MARC21/slim"><record><leader>00669nam--2200193-u-4500</leader><controlfield tag="001">000054522</controlfield><controlfield tag="002">20161230</controlfield><controlfield tag="005">20161230201051</controlfield><controlfield tag="008">120118s1000------------r-----000-0-rus-d</controlfield><datafield ind1=" " ind2=" " tag="040"><subfield code="a">IFIN-HH</subfield></datafield><datafield ind1=" " ind2=" " tag="041"><subfield code="a">rus</subfield></datafield><datafield ind1=" " ind2=" " tag="080"><subfield code="a">539.12.01:530.145.6</subfield></datafield><datafield ind1="1" ind2=" " tag="100"><subfield code="a">Schwartz, Laurent</subfield></datafield><datafield ind1="1" ind2="0" tag="245"><subfield code="a">Primenenie obobsennih funktii k izucenio elementarnih ceastit v reliativistskoi kvantovoi mehanike</subfield><subfield code="b">Laurent schwartz</subfield></datafield><datafield ind1=" " ind2=" " tag="260"><subfield code="a">Moskva</subfield><subfield code="b">Mir</subfield><subfield code="c">1964</subfield></datafield><datafield ind1=" " ind2=" " tag="300"><subfield code="a">180P</subfield></datafield><datafield ind1=" " ind2=" " tag="500"><subfield code="a">Titlul Original In Limba Engleza: Application Of Distributions To The Study Of Elementary Particles In Relativistics Quantm Mechanics</subfield></datafield><datafield ind1=" " ind2=" " tag="852"><subfield code="a">75372</subfield><subfield code="c">539.12</subfield></datafield><datafield ind1=" " ind2=" " tag="CAT"><subfield code="a">Sys</subfield><subfield code="c">20120118</subfield><subfield code="h">163848</subfield></datafield></record></collection>